%% Created using Papers on Tue, 03 Apr 2012.
%% http://mekentosj.com/papers/
@inproceedings{Mouragnon:2006ie,
author = {Mouragnon, E and Lhuillier, M and Dhome, M and Dekeyser, F and Sayd, P},
title = {{3D reconstruction of complex structures with bundle adjustment: an incremental approach}},
booktitle = {Proceedings of the 2006 IEEE International Conference on Robotics and Automation, ICRA},
year = {2006},
pages = {3055--3061}
}


@article{Nicosevici:2009eo,
author = {Nicosevici, Tudor and Gracias, Nuno and Negahdaripour, Shahriar and Garcia, Rafael},
title = {{Efficient three-dimensional scene modeling and mosaicing}},
journal = {Journal of Field Robotics},
year = {2009},
volume = {26},
number = {10},
pages = {759--788},
month = oct
}

